<record><leader>00000cas a22000007a 4500</leader><controlfield tag="001">9588799</controlfield><controlfield tag="008">830608d19331937ksuwr ne      0    0eng d</controlfield><controlfield tag="009">3789</controlfield><datafield ind1=" " ind2=" " tag="010"><subfield code="a">sn 83040212 </subfield></datafield><datafield ind1=" " ind2=" " tag="040"><subfield code="a">KSH</subfield><subfield code="b">eng</subfield><subfield code="c">KSH</subfield><subfield code="d">NPT</subfield><subfield code="d">OCL</subfield></datafield><datafield ind1=" " ind2=" " tag="042"><subfield code="a">msc</subfield></datafield><datafield ind1=" " ind2=" " tag="043"><subfield code="a">n-us-ks</subfield></datafield><datafield ind1="0" ind2="4" tag="245"><subfield code="a">The Pawnee Rock herald and the Albert news.</subfield></datafield><datafield ind1=" " ind2=" " tag="260"><subfield code="a">Pawnee Rock, Kan. :</subfield><subfield code="b">M.P. Winslow,</subfield><subfield code="c">1933-1937.</subfield></datafield><datafield ind1=" " ind2=" " tag="300"><subfield code="a">5 v. :</subfield><subfield code="b">ill. ;</subfield><subfield code="c">55 cm.</subfield></datafield><datafield ind1=" " ind2=" " tag="310"><subfield code="a">Weekly</subfield></datafield><datafield ind1="0" ind2=" " tag="362"><subfield code="a">Vol. 29, no. 23 (May 4, 1933)-v. 33, no. 25 (June 3, 1937).</subfield></datafield><datafield ind1=" " ind2=" " tag="500"><subfield code="a">Masthead for the Albert news included, May-June, 1937.</subfield></datafield><datafield ind1=" " ind2=" " tag="500"><subfield code="a">Editor: M.P. Winslow.</subfield></datafield><datafield ind1="1" ind2=" " tag="700"><subfield code="a">Winslow, M. P.</subfield></datafield><datafield ind1=" " ind2=" " tag="752"><subfield code="a">United States</subfield><subfield code="b">Kansas</subfield><subfield code="c">Barton</subfield><subfield code="d">Pawnee Rock.</subfield></datafield><datafield ind1="0" ind2="4" tag="780"><subfield code="t">Pawnee Rock herald</subfield><subfield code="w">(DLC)sn 83040187</subfield></datafield><datafield ind1="0" ind2="4" tag="780"><subfield code="t">Albert news</subfield><subfield code="w">(DLC)sn 83040189</subfield></datafield><datafield ind1="0" ind2="0" tag="785"><subfield code="t">Great Bend herald</subfield><subfield code="w">(DLC)sn 83040213</subfield></datafield></record>